% This file was created with JabRef 2.3.1.
% Encoding: ISO8859_1

@BOOK{alvear,
  title = {Coleccion de tratados breves y metodicos de Ciencias, Literatura
	y Artes: Biografia Antigua},
  publisher = {Imprensa de D. Mariano Caro},
  year = {1829},
  author = {\versal{Alvear}, D.~A. and \versal{D\'{a}vila}, D.~J.~Herrera},
  address = {Sevilla},
  timestamp = {2010.03.29}
}

@BOOK{alvarengaprinceps,
  title = {O desertor: poema her\'{o}i-c\^{o}mico.},
  publisher = {Na real officina da Universidade},
  year = {1774},
  author = {\versal{alvarenga}, Manuel In\'{a}cio da Silva},
  address = {Coimbra},
  timestamp = {2009.02.04},
}

@BOOK{polito,
  title = {O desertor: poema her\'{o}i-c\^{o}mico,
  \normalfont{org. Ronald Polito.}},
  publisher = {Editora da Unicamp},
  year = {2003},
  author = {\versal{alvarenga}, Manuel In\'{a}cio da Silva},
  address = {Campinas},
  timestamp = {2009.02.04},
}

@BOOK{ambrosio,
  title = {De rationibus exordiendi: os princ\'{i}pios da hist\'{o}ria em Roma},
  publisher = {Associa\c{c}\~{a}o Editorial Humanitas -- Fapesp},
  year = {2005},
  author = {\versal{Ambr\'{o}sio}, Renato},
  timestamp = {2010.04.14}
}

@BOOK{aristotelessegni,
  title = {Rettorica et poetica d'Aristotile. Tradotte di greco in lingua vulgare
	Fiorentina da Bernardo Segni Gentilh'huomo, \& Academico Fiorentino.},
  publisher = {per Bartholomeo detto l'Imperador, \& Francesco suo genero},
  year = {1551},
  author = {\versal{Arist\'{o}teles}},
  address = {Vinegia},
  timestamp = {2009.02.04}
}

@BOOK{balbi,
  title = {Essai Statistique sur le royaume de Portugal et D'Algarve, compar\'{e}
	aux autres \'{e}tats de l'Europe, et suivi d'un coup d'oeil sur l'\'{e}tat
	actuel des sciences, des lettres et des beaux"-arts parmi les Portugais
	des deux h\'{e}misph\`{e}res},
  publisher = {Rey et Gravier},
  year = {1822},
  author = {\versal{Balbi}, Adrien},
  volume = {\versal{II}},
  address = {Paris},
  timestamp = {2010.04.06}
}

@BOOK{bluteau2,
  title = {Vocabulario Portuguez e Latino, aulico, anatomico, architectonico,
	bellico, botanico, brasilico, comico, critico, chimico etc},
  publisher = {no Collegio das Artes da Companhia de \versal{JESU}},
  year = {1712},
  author = {\versal{Bluteau}, Rafael},
  address = {Coimbra},
  note = {Autorizado com Exemplos dos Melhores Escritores Portugueses e Latinos
	e offerecido a El Rey de Portugal D. Joao V pelo padre D. Raphael
	Bluteau Clerigo Regular, Doutor na Sagrada Theologia, Pregador da
	Rainha de Inglaterra Henriqueta Maria de Fran\c{c}a, e Calificador no
	Sagrado Tribunal da Inquisi\c{c}\~{a}o de Lisboa},
  timestamp = {2009.10.04}
}

@BOOK{boxer,
  title = {O imp\'{e}rio mar\'{i}timo portugu\^{e}s. 1415--1825.},
  note = {Tradu\c{c}\~{a}o Anna Olga de Barros Barreto},
  publisher = {Companhia das Letras},
  year = {2008},
  author = {\versal{Boxer}, Charles},
  address = {S\~{a}o Paulo},
  note = {Tradu\c{c}\~{a}o Anna Olga de Barros Barreto},
  timestamp = {2009.10.06}
}

@BOOK{oslusiadas,
  title = {Os Lus\'{i}adas},
  publisher = {Em casa de Antonio Gon\c{c}alvez Impressor},
  year = {1572},
  author = {\versal{Cam\~oes}, Lu\'is Vaz},
  note = {Com priuilegio Real. Impresso em Lisboa, com licen\c{c}a da sancta Inquisi\c{c}\~{a}o,
	\& do Ordinario: em casa de Antonio G\~{o}n\c{c}aluez Impressor},
  timestamp = {2009.10.05}
}

@BOOK{candidoformacao,
  title = {Forma\c{c}\~ao da literatura brasileira},
  publisher = {Itatiaia/Edusp},
  year = {1975},
  author = {\versal{C\^{a}ndido}, Ant\^{o}nio},
  volume = {\versal{II}},
  address = {S\~ao Paulo},
  timestamp = {2009.01.29}
}

@BOOK{coleridge,
  title = {Introductions to the Study of the Greek Classic Poets. Designed principally
	for the use of Young persons at School and College. Part \versal{I}: General
	Introduction. Homer.},
  publisher = {John Murray, Albemarle Street},
  year = {1834},
  author = {\versal{Coleridge}, Henry Nelson.},
  address = {London},
  timestamp = {2010.03.26}
}

@BOOK{januario,
  title = {Revista trimensal de Hist\'{o}ria e Geografia ou Jornal do Instituto
	Hist\'{o}rico e Geogr\'{a}fico Brasileiro, fundado no Rio de Janeiro sob
	os ausp\'{i}cios da Sociedade Auxiliadora da Ind\'{u}stria Nacional, debaixo
	da imediata prote\c{c}\~{a}o de S. M. I. O Senhor D. Pedro \versal{II}.},
  publisher = {\versal{IHGB}},
  year = {1841},
  author = {\versal{Barbosa}, Janu\'{a}rio da Cunha},
  volume = {\versal{III}},
  timestamp = {2010.04.14}
}

@ARTICLE{acandidoinconfidencia,
  author = {\versal{C\^{a}ndido}, Ant\^{o}nio},
  title = {Os poetas da Inconfid\^{e}ncia},
  journal = {\versal{IX} Anu\'{a}rio da Inconfid\^{e}ncia},
  year = {1993},
  pages = {130--137},
  timestamp = {2010.04.14}
}

@BOOK{foucaultautor,
  title = {O que \'{e} um autor?},
  publisher = {Passagens/ Nova Vega},
  year = {2006},
  author = {\versal{Foucault}, Michel},
  address = {Lisboa},
  edition = {6},
  note = {pref\'{a}cio de Jos\'{e} A. Bragan\c{c}a de Miranda e Antonio Fernando Novais},
  timestamp = {2010.02.09}
}

@BOOK{satiraeengenho,
  title = {A s\'{a}tira e o engenho. Greg\'{o}rio de Matos e a Bahia do s\'{e}culo \versal{XVII}},
  publisher = {Companhia das Letras},
  year = {1989},
  author = {\versal{Hansen}, Jo\~{a}o Adolfo},
  address = {S\~{a}o Paulo},
  timestamp = {2009.02.03}
}

@INBOOK{hansenautorfurado,
  title = {\emph{``Autor''}, \emph{in: Jobim, Jos\'{e} Lu\'{i}s. (Org.).} Palavras da cr\'{i}tica.},
  publisher = {Imago},
  year = {1992},
  author = {\versal{Hansen}, Jo\~{a}o Adolfo},
  address = {S\~ao Paulo},
  timestamp = {2009.02.02}
}

@BOOK{horacio,
  title = {Arte Poetica de Q. Horacio Flacco, Traduzida, e illustrada em Portuguez
	por Candido Lusitano},
  publisher = {Na Officina Rollandiana, com Licen\c{c}a da Real Meza Cens\'{o}ria},
  year = {1778},
  author = {\versal{Hor\'{a}cio}},
  address = {Lisboa},
  timestamp = {2010.03.26}
}

@BOOK{monarquia,
  title = {Primeiro volume da 18a. parte da ``Monarchia Lusitana''},
  publisher = {Biblioteca Geral da Universidade de Coimbra},
  year = {1958},
  author = {\versal{Jesus}, Frei Rafael de},
  address = {Coimbra},
  volume = {\versal{I}},
  timestamp = {2010.04.06}
}

@BOOK{lucrecio,
  title = {A natureza das coisas, poema de Tito Lucr\'{e}cio Caro. \normalfont{Traduzido do
	original latino para verso portuguez por Antonio Jos\'{e} de Lima Leit\~ao}},
  publisher = {Typographia de Jorge Ferreira de Matos},
  year = {1851},
  author = {\versal{Lucrecio}, Tito},
  address = {Lisboa},
  timestamp = {2010.03.29}
}

@BOOK{mesnardiere,
  title = {La Poetique de Jules de la Mesnardiere},
  publisher = {Antoine de Sommaville},
  year = {1639},
  author = {\versal{Mesnardi\`{e}re}, Jules de la},
  address = {Paris},
  timestamp = {2010.03.26}
}

@BOOK{minturno,
  title = {L'Arte Poetica del Signor Minturno Nella quale si contengono i preccetti
	Eroici, Tragici, Comici, Satirici, e d'ogni altra Poesia: con la
	dottrina De'Sonetti, Canzoni, ed ogni forte di Rime Toscane, dove
	s'insegna il modo, che tenne il Petrarca nelle sue opere. E si dichiara
	a'suoi luoghi tutto quel, che da Aristotele, Orazio, ed altri Autori
	greci, e Latini \`{e} stato scritto per ammaestramento de'Poeti},
  publisher = {Stamperia di Gennaro Muzio, erede di Michele Luigi con Licenza de
	Superiori},
  year = {1725},
  author = {\versal{Minturno}},
  address = {Napoli},
  timestamp = {2009.10.05}
}

@BOOK{cursoliteratura,
  title = {Curso de literatura portuguesa e brasileira},
  year = {\versal{MDCCCLXVII}},
  author = {\versal{Reis}, Francisco Sotero dos},
  address = {Maranh\~{a}o},
  timestamp = {2010.04.06}
}

@BOOK{poeticaespanhola,
  title = {Arte po\'{e}tica espa\~{n}ola, con una fertilissima silva de consonantes
	comunes, propios, esdruxulos, y reflexos, y un divino estimulo del
	amor de Dios},
  publisher = {por la viuda de Alonso Martin},
  year = {1628},
  author = {\versal{Rengifo}, Ivan Diaz},
  address = {Madrid},
  timestamp = {2010.04.06}
}

@BOOK{esopo,
  title = {Esopaida ou vida de Esopo},
  publisher = {Acta Universitatis Coninbrigensis},
  year = {1979},
  author = {\versal{Silva}, Ant\'{o}nio Jos\'{e} da},
  address = {Coimbra},
  timestamp = {2010.04.06}
}

@BOOK{plutarcobrasileiro,
  title = {Plutarco Brasileiro},
  publisher = {Eduardo e Henrique Laemmert},
  year = {1847},
  author = {\versal{Silva}, J. M. Pereira da},
  volume = {\versal{II}},
  address = {Rio de Janeiro},
  timestamp = {2010.04.06}
}

@BOOK{parnasobrasileiro,
  title = {Parnaso brasileiro ou Selec\c{c}\~{a}o de poesias dos melhores poetas brasileiros
	desde o descobrimento do Brasil precedida de uma introdu\c{c}\~{a}o hist\'{o}rica
	e biogr\'{a}fica sobre a literatura brasileira},
  publisher = {Eduardo e Henrique Laemmert},
  year = {1843},
  author = {\versal{Silva}, J. M. Pereira da},
  volume = {\versal{I}},
  address = {Rio de Janeiro},
  timestamp = {2010.04.06}
}

@BOOK{alcindopalmireno,
  title = {Obras po\'{e}ticas de Manoel Ignacio da Silva Alvarenga (Alcindo Palmireno)
	collegidas, annotadas, e precedidas do ju\'{i}zo cr\'{i}tico dos escritores
	nacionais e estrangeiros e de uma not\'{i}cia sobre o autor e suas obras
	e acompanhadas de documentos hist\'{o}ricos, \normalfont{org. J. Norberto de 	Souza}},
  publisher = {Garnier Irm\~{a}os},
  year = {1864},
  author = {\versal{alvarenga}, Manuel In\'{a}cio da Silva},
  address = {Paris/ Rio de Janeiro},
  note = {Brasilia Bibliotheca dos Melhores Auctores Nacionaes Antigos e Modernos:
	Silva Alvarenga},
  timestamp = {2010.03.26}
}

@BOOK{caminhosdeepicuro,
  title = {Caminhos de Epicuro},
  publisher = {Edi\c{c}\~{o}es Loyola},
  year = {s.d.},
  author = {\versal{Spinelli}, Miguel},
  address = {S\~{a}o Paulo},
  timestamp = {2010.03.29}
}

@BOOK{teixeira,
  title = {Mecenato pombalino e poesia neocl\'assica},
  publisher = {Edusp},
  year = {1999},
  author = {\versal{Teixeira}, Ivan},
  address = {S\~ao Paulo},
  timestamp = {2009.02.02}
}

@BOOK{topa,
  title = {Para uma edi\c{c}\~{a}o cr\'{i}tica da obra do \'{a}rcade Brasileiro Silva Alvarenga
	-- Invent\'{a}rio sistem\'{a}tico dos seus textos e publica\c{c}\~{a}o de novas vers\~{o}es,
	dispersos e in\'{e}ditos.},
  publisher = {mimeo},
  year = {1998},
  author = {\versal{Topa}, Francisco},
  address = {Porto},
  timestamp = {2010.03.26}
}

@ARTICLE{weinberg,
  author = {\versal{Weinberg}, Bernard},
  title = {From Aristotle to Pseudo"-Aristotle},
  journal = {Comparative Literature},
  year = {1953},
  volume = {5},
  pages = {97--104},
  note = {Duke University Press on Behalf of the University of Oregon.},
  timestamp = {2009.10.05}
}

@BOOK{dicionario,
  title = {Dicionario de la lengua castellana, en que se explica el verdadero
	sentido de las voces, su naturaleza y calidad, com las phrases o
	modos de hablar, los proverbios o refranes, y otras cosas convenientes
	al uso de la lengua.},
  publisher = {Imprenta de la Real Academia Espa\~{n}ola, por los herederos de Francisco
	de Hierro},
  year = {1734},
  author = {\versal{Real Academia Espa\~{n}ola}},
  timestamp = {2010.04.06}
}

@BOOK{compendio,
  title = {Comp\^{e}ndio hist\'{o}rico do estado da Universidade de Coimbra no tempo
	da invas\~{a}o dos denominados jesu\'{i}tas e dos estragos feitos nas sciencias
	e nos professores, e diretores que regiam pelas maquina\c{c}\~{o}es, e publica\c{c}\~{o}es
	dos novos Estatutos e por eles fabricados},
  publisher = {Na R\'{e}gia Oficina Typographica},
  year = {\versal{MDCCLXXI}},
  author = {\versal{Junta de Provid\^{e}ncia Liter\'{a}ria}},
  timestamp = {2010.04.06}
}

@BOOK{noberto,
  title = {Obras po\'{e}ticas de Ignacio Jos\'{e} de Alvarenga Peixoto colligidas, annotadas
	precedidas do ju\'{i}zo cr\'{i}tico dos escriptores nacionaes e estrangeiros
	e de uma noticia sobre o autor e suas obras com documentos hist\'{o}ricos, 			\normalfont{org. J. Norberto de Souza}}, 
  publisher = {Garnier},
  year = {1865},
  author = {\versal{peixoto}, Ignacio Jos\'{e} de Alvarenga},
  address = {Rio de Janeiro},
  timestamp = {2010.04.06}
}

@comment{jabref-meta: selector_publisher:}

@comment{jabref-meta: selector_author:}

@comment{jabref-meta: selector_journal:}

@comment{jabref-meta: selector_keywords:}

